@Misc{tcp_tenouk,
	title = {LINUX SOCKET PART 18 Advanced TCP/IP - OTHER TCP/IP INFO},
	howpublished = {[online]},
	note = {[vid. 2019-04-12]},
	url = {https://www.tenouk.com/Module43b.html},
}

@Misc{udp_tenouk,
	title = {LINUX SOCKET PART 17 Advanced TCP/IP - THE RAW SOCKET PROGRAM EXAMPLES},
	howpublished = {[online]},
	note = {[vid. 2019-04-12]},
	url = {https://www.tenouk.com/Module43a.html},
}
@Misc{pcap,
	title = {Using libpcap in C},
	author = {NanoDano},
	year = {rev. 2015-08-14},
	howpublished = {[online]},
	note = {[vid. 2019-04-16]},
	url = {https://www.devdungeon.com/content/using-libpcap-c}
}
@Book{csum,
	title = {Computing the Internet Checksum},
	author = {Braden R., Borman, D., Partridge, C.}
}
